@electronic{sdumlahtm,
 author   = "M. Lab",
 title     = "SDUMLA-HMT",
 url       = "http://mla.sdu.edu.cn/sdumla-hmt.htm"
}

@phdthesis{costa2011ensemble,
  title={Ensemble baseado em m{\'e}todos de Kernel para reconhecimento biom{\'e}trico multimodal},
  author={Costa, Daniel Moura Martins da},
  year={2011},
  school={Universidade de S{\~a}o Paulo}
}

@article{burrus1997introduction,
  title={Introduction to wavelets and wavelet transforms: a primer},
  author={Burrus, C Sidney and Gopinath, Ramesh A and Guo, Haitao},
  year={1997},
  publisher={Prentice-Hall, Inc.}
}

@article{cortes1995support,
  title={Support-vector networks},
  author={Cortes, Corinna and Vapnik, Vladimir},
  journal={Machine learning},
  volume={20},
  number={3},
  pages={273--297},
  year={1995},
  publisher={Springer}
}

@article{demvsar2006statistical,
  title={Statistical comparisons of classifiers over multiple data sets},
  author={Dem{\v{s}}ar, Janez},
  journal={Journal of Machine learning research},
  volume={7},
  number={Jan},
  pages={1--30},
  year={2006}
}

@article{settouti2016statistical,
  title={Statistical Comparisons of the Top 10 Algorithms in Data Mining for Classification Task},
  author={Settouti, Nesma and Bechar, Mohammed El Amine and Chikh, Mohammed Amine},
  journal={International Journal of Interactive Multimedia and Artificial Inteligence, Special Issue on Artificial Intelligence Underpinning},
  volume={4},
  pages={46--51},
  year={2016}
}