@electronic{sdumlahtm,
 author   = "M. Lab",
 title     = "SDUMLA-HMT",
 url       = "http://mla.sdu.edu.cn/sdumla-hmt.htm"
}

@phdthesis{costa2011ensemble,
  title={Ensemble baseado em m{\'e}todos de Kernel para reconhecimento biom{\'e}trico multimodal},
  author={Costa, Daniel Moura Martins da},
  year={2011},
  school={Universidade de S{\~a}o Paulo}
}

@article{burrus1997introduction,
  title={Introduction to wavelets and wavelet transforms: a primer},
  author={Burrus, C Sidney and Gopinath, Ramesh A and Guo, Haitao},
  year={1997},
  publisher={Prentice-Hall, Inc.}
}

@article{cortes1995support,
  title={Support-vector networks},
  author={Cortes, Corinna and Vapnik, Vladimir},
  journal={Machine learning},
  volume={20},
  number={3},
  pages={273--297},
  year={1995},
  publisher={Springer}
}